@String(PAMI = {IEEE Trans. Pattern Anal. Mach. Intell.})
@String(IJCV = {Int. J. Comput. Vis.})
@String(CVPR= {IEEE Conf. Comput. Vis. Pattern Recog.})
@String(ICCV= {Int. Conf. Comput. Vis.})
@String(ECCV= {Eur. Conf. Comput. Vis.})
@String(NIPS= {Adv. Neural Inform. Process. Syst.})
@String(ICPR = {Int. Conf. Pattern Recog.})
@String(BMVC= {Brit. Mach. Vis. Conf.})
@String(TOG= {ACM Trans. Graph.})
@String(TIP  = {IEEE Trans. Image Process.})
@String(TVCG  = {IEEE Trans. Vis. Comput. Graph.})
@String(TMM  = {IEEE Trans. Multimedia})
@String(ACMMM= {ACM Int. Conf. Multimedia})
@String(ICME = {Int. Conf. Multimedia and Expo})
@String(ICASSP=	{ICASSP})
@String(ICIP = {IEEE Int. Conf. Image Process.})
@String(ACCV  = {ACCV})
@String(ICLR = {Int. Conf. Learn. Represent.})
@String(IJCAI = {IJCAI})
@String(PR   = {Pattern Recognition})
@String(AAAI = {AAAI})
@String(CVPRW= {IEEE Conf. Comput. Vis. Pattern Recog. Worksh.})
@String(CSVT = {IEEE Trans. Circuit Syst. Video Technol.})

@String(SPL	= {IEEE Sign. Process. Letters})
@String(VR   = {Vis. Res.})
@String(JOV	 = {J. Vis.})
@String(TVC  = {The Vis. Comput.})
@String(JCST  = {J. Comput. Sci. Tech.})
@String(CGF  = {Comput. Graph. Forum})
@String(CVM = {Computational Visual Media})


@String(PAMI  = {IEEE TPAMI})
@String(IJCV  = {IJCV})
@String(CVPR  = {CVPR})
@String(ICCV  = {ICCV})
@String(ECCV  = {ECCV})
@String(NIPS  = {NeurIPS})
@String(ICPR  = {ICPR})
@String(BMVC  =	{BMVC})
@String(TOG   = {ACM TOG})
@String(TIP   = {IEEE TIP})
@String(TVCG  = {IEEE TVCG})
@String(TCSVT = {IEEE TCSVT})
@String(TMM   =	{IEEE TMM})
@String(ACMMM = {ACM MM})
@String(ICME  =	{ICME})
@String(ICASSP=	{ICASSP})
@String(ICIP  = {ICIP})
@String(ACCV  = {ACCV})
@String(ICLR  = {ICLR})
@String(IJCAI = {IJCAI})
@String(PR = {PR})
@String(AAAI = {AAAI})
@String(CVPRW= {CVPRW})
@String(CSVT = {IEEE TCSVT})


@inproceedings{levinkov2019comparative,
  title={A comparative study of local search algorithms for correlation clustering},
  author={Levinkov, Evgeny and Kirillov, Alexander and Andres, Bjoern},
  booktitle={German Conference on Pattern Recognition},
  pages={103--114},
  year={2017},
  organization={Springer}
}

@article{kernighan1970efficient,
  title={An efficient heuristic procedure for partitioning graphs},
  author={Kernighan, Brian W and Lin, Shen},
  journal={Bell system technical journal},
  volume={49},
  number={2},
  pages={291--307},
  year={1970},
  publisher={Wiley Online Library}
}

@inproceedings{keuper2015efficient,
  title={Efficient decomposition of image and mesh graphs by lifted multicuts},
  author={Keuper, Margret and Levinkov, Evgeny and Bonneel, Nicolas and Lavou{\'e}, Guillaume and Brox, Thomas and Andres, Bjorn},
  booktitle={Proceedings of the IEEE International Conference on Computer Vision},
  pages={1751--1759},
  year={2015}
}

@inproceedings{beier2014cut,
  title={Cut, glue \& cut: A fast, approximate solver for multicut partitioning},
  author={Beier, Thorsten and Kroeger, Thorben and Kappes, Jorg H and Kothe, Ullrich and Hamprecht, Fred A},
  booktitle={Proceedings of the IEEE Conference on Computer Vision and Pattern Recognition},
  pages={73--80},
  year={2014}
}

@inproceedings{pan2015parallel,
  title={Parallel correlation clustering on big graphs},
  author={Pan, Xinghao and Papailiopoulos, Dimitris and Oymak, Samet and Recht, Benjamin and Ramchandran, Kannan and Jordan, Michael I},
  booktitle={Advances in Neural Information Processing Systems},
  pages={82--90},
  year={2015}
}

@inproceedings{beier2016efficient,
  title={An efficient fusion move algorithm for the minimum cost lifted multicut problem},
  author={Beier, Thorsten and Andres, Bj{\"o}rn and K{\"o}the, Ullrich and Hamprecht, Fred A},
  booktitle={European Conference on Computer Vision},
  pages={715--730},
  year={2016},
  organization={Springer}
}

@inproceedings{swoboda2017dual,
  title={A dual ascent framework for Lagrangean decomposition of combinatorial problems},
  author={Swoboda, Paul and Kuske, Jan and Savchynskyy, Bogdan},
  booktitle={Proceedings of the IEEE Conference on Computer Vision and Pattern Recognition},
  pages={1596--1606},
  year={2017}
}

@inproceedings{swoboda2017message,
  title={A message passing algorithm for the minimum cost multicut problem},
  author={Swoboda, Paul and Andres, Bjoern},
  booktitle={Proceedings of the IEEE Conference on Computer Vision and Pattern Recognition},
  pages={1617--1626},
  year={2017}
}

@inproceedings{lange2018partial,
  title={Partial optimality and fast lower bounds for weighted correlation clustering},
  author={Lange, Jan-Hendrik and Karrenbauer, Andreas and Andres, Bjoern},
  booktitle={International Conference on Machine Learning},
  pages={2898--2907},
  year={2018}
}

@inproceedings{kappes2011globally,
  title={Globally optimal image partitioning by multicuts},
  author={Kappes, J{\"o}rg Hendrik and Speth, Markus and Andres, Bj{\"o}rn and Reinelt, Gerhard and Schn, Christoph},
  booktitle={International Workshop on Energy Minimization Methods in Computer Vision and Pattern Recognition},
  pages={31--44},
  year={2011},
  organization={Springer}
}

@article{chopra1993partition,
  title={The partition problem},
  author={Chopra, Sunil and Rao, Mendu R},
  journal={Mathematical Programming},
  volume={59},
  number={1-3},
  pages={87--115},
  year={1993},
  publisher={Springer}
}

@article{chopra1991multiway,
  title={On the multiway cut polyhedron},
  author={Chopra, Sunil and Rao, Mendu R},
  journal={Networks},
  volume={21},
  number={1},
  pages={51--89},
  year={1991},
  publisher={Wiley Online Library}
}

@article{bansal2004correlation,
  title={Correlation clustering},
  author={Bansal, Nikhil and Blum, Avrim and Chawla, Shuchi},
  journal={Machine learning},
  volume={56},
  number={1-3},
  pages={89--113},
  year={2004},
  publisher={Springer}
}

@article{kappes2016higher,
  title={Higher-order segmentation via multicuts},
  author={Kappes, J{\"o}rg Hendrik and Speth, Markus and Reinelt, Gerhard and Schn{\"o}rr, Christoph},
  journal={Computer Vision and Image Understanding},
  volume={143},
  pages={104--119},
  year={2016},
  publisher={Elsevier}
}

@inproceedings{levinkov2017joint,
  title={Joint graph decomposition \& node labeling: Problem, algorithms, applications},
  author={Levinkov, Evgeny and Uhrig, Jonas and Tang, Siyu and Omran, Mohamed and Insafutdinov, Eldar and Kirillov, Alexander and Rother, Carsten and Brox, Thomas and Schiele, Bernt and Andres, Bjoern},
  booktitle={Proceedings of the IEEE Conference on Computer Vision and Pattern Recognition},
  pages={6012--6020},
  year={2017}
}

@inproceedings{kirillov2017instancecut,
  title={Instancecut: from edges to instances with multicut},
  author={Kirillov, Alexander and Levinkov, Evgeny and Andres, Bjoern and Savchynskyy, Bogdan and Rother, Carsten},
  booktitle={Proceedings of the IEEE Conference on Computer Vision and Pattern Recognition},
  pages={5008--5017},
  year={2017}
}

@inproceedings{tang2017multiple,
  title={Multiple people tracking by lifted multicut and person re-identification},
  author={Tang, Siyu and Andriluka, Mykhaylo and Andres, Bjoern and Schiele, Bernt},
  booktitle={Proceedings of the IEEE Conference on Computer Vision and Pattern Recognition},
  pages={3539--3548},
  year={2017}
}

@inproceedings{jug2016moral,
  title={Moral lineage tracing},
  author={Jug, Florian and Levinkov, Evgeny and Blasse, Corinna and Myers, Eugene W and Andres, Bjoern},
  booktitle={Proceedings of the IEEE Conference on Computer Vision and Pattern Recognition},
  pages={5926--5935},
  year={2016}
}

@inproceedings{tourani2018mplp++,
  title={{MPLP++}: Fast, Parallel Dual Block-Coordinate Ascent for Dense Graphical Models},
  author={Tourani, Siddharth and Shekhovtsov, Alexander and Rother, Carsten and Savchynskyy, Bogdan},
  booktitle={Proceedings of the European Conference on Computer Vision (ECCV)},
  pages={251--267},
  year={2018}
}

@article{beier2017multicut,
  title={Multicut brings automated neurite segmentation closer to human performance},
  author={Beier, Thorsten and Pape, Constantin and Rahaman, Nasim and Prange, Timo and Berg, Stuart and Bock, Davi D and Cardona, Albert and Knott, Graham W and Plaza, Stephen M and Scheffer, Louis K and others},
  journal={Nature methods},
  volume={14},
  number={2},
  pages={101},
  year={2017},
  publisher={Nature Publishing Group}
}

@inproceedings{andres2012globally,
    author = {Bjoern Andres 
        and Thorben Kr\"oger 
        and Kevin L. Briggman 
        and Winfried Denk 
        and Natalya Korogod 
        and Graham Knott 
        and Ullrich K\"othe 
        and Fred A. Hamprecht},
    title = {Globally Optimal Closed-surface Segmentation for Connectomics},
    year = {2012},
    booktitle = {ECCV},
    doi = {10.1007/978-3-642-33712-3_56},
}

@inproceedings{andres2011closedness,
    author = {Bjoern Andres 
        and J\"org H. Kappes 
        and Thorsten Beier 
        and Ullrich K\"othe 
        and Fred A. Hamprecht},
    title = {Probabilistic Image Segmentation with Closedness Constraints},
    year = {2011},
    booktitle = {ICCV},
    doi = {10.1109/ICCV.2011.6126550},
}

@inproceedings{yarkony2012fast,
  title={Fast planar correlation clustering for image segmentation},
  author={Yarkony, Julian and Ihler, Alexander and Fowlkes, Charless C},
  booktitle={European Conference on Computer Vision},
  pages={568--581},
  year={2012},
  organization={Springer}
}

@inproceedings{andres2013segmenting,
  title={Segmenting planar superpixel adjacency graphs wrt non-planar superpixel affinity graphs},
  author={Andres, Bjoern and Yarkony, Julian and Manjunath, BS and Kirchhoff, Steffen and Turetken, Engin and Fowlkes, Charless C and Pfister, Hanspeter},
  booktitle={International Workshop on Energy Minimization Methods in Computer Vision and Pattern Recognition},
  pages={266--279},
  year={2013},
  organization={Springer}
}

@InProceedings{MartinFTM01,
  author = {D. Martin and C. Fowlkes and D. Tal and J. Malik},
  title = {A Database of Human Segmented Natural Images and its
           Application to Evaluating Segmentation Algorithms and
           Measuring Ecological Statistics},
  booktitle = {Proc. 8th Int'l Conf. Computer Vision},
  year = {2001},
  month = {July},
  volume = {2},
  pages = {416--423}
}

@inproceedings{alush2013break,
  title={Break and conquer: Efficient correlation clustering for image segmentation},
  author={Alush, Amir and Goldberger, Jacob},
  booktitle={International Workshop on Similarity-Based Pattern Recognition},
  pages={134--147},
  year={2013},
  organization={Springer}
}

@inproceedings{insafutdinov2017art,
author = {Insafutdinov, Eldar and Andriluka, Mykhaylo and Pishchulin, Leonid and Tang, Siyu and Levinkov, Evgeny and Andres, Bjoern and Schiele, Bernt},
title = {ArtTrack: Articulated Multi-Person Tracking in the Wild},
booktitle = {The IEEE Conference on Computer Vision and Pattern Recognition (CVPR)},
month = {July},
year = {2017}
} 

@article{demaine2006correlation,
  title={Correlation clustering in general weighted graphs},
  author={Demaine, Erik D and Emanuel, Dotan and Fiat, Amos and Immorlica, Nicole},
  journal={Theoretical Computer Science},
  volume={361},
  number={2-3},
  pages={172--187},
  year={2006},
  publisher={Elsevier}
}

@inproceedings{pape2017solving,
  title={Solving large multicut problems for connectomics via domain decomposition},
  author={Pape, Constantin and Beier, Thorsten and Li, Peter and Jain, Viren and Bock, Davi D and Kreshuk, Anna},
  booktitle={Proceedings of the IEEE International Conference on Computer Vision},
  pages={1--10},
  year={2017}
}

@misc{gurobi,
  author = "Gurobi Optimization, LLC",
  title = "Gurobi Optimizer Reference Manual",
  year = 2019,
  url = "http://www.gurobi.com"
}

@inproceedings{kim2011higher,
  title={Higher-order correlation clustering for image segmentation},
  author={Kim, Sungwoong and Nowozin, Sebastian and Kohli, Pushmeet and Yoo, Chang D},
  booktitle={Advances in neural information processing systems},
  pages={1530--1538},
  year={2011}
}

@inproceedings{kroeger2014asymmetric,
  title={Asymmetric cuts: Joint image labeling and partitioning},
  author={Kroeger, Thorben and Kappes, J{\"o}rg H and Beier, Thorsten and Koethe, Ullrich and Hamprecht, Fred A},
  booktitle={German Conference on Pattern Recognition},
  pages={199--211},
  year={2014},
  organization={Springer}
}

@article{abbas2021combinatorial,
  title={Combinatorial optimization for panoptic segmentation: A fully differentiable approach},
  author={Abbas, Ahmed and Swoboda, Paul},
  journal={Advances in Neural Information Processing Systems},
  volume={34},
  pages={15635--15649},
  year={2021}
}

@inproceedings{hornakova2020lifted,
  title={Lifted disjoint paths with application in multiple object tracking},
  author={Hornakova, Andrea and Henschel, Roberto and Rosenhahn, Bodo and Swoboda, Paul},
  booktitle={International Conference on Machine Learning},
  pages={4364--4375},
  year={2020},
  organization={PMLR}
}

@article{keuper2018motion,
  title={Motion segmentation \& multiple object tracking by correlation co-clustering},
  author={Keuper, Margret and Tang, Siyu and Andres, Bjoern and Brox, Thomas and Schiele, Bernt},
  journal={IEEE transactions on pattern analysis and machine intelligence},
  volume={42},
  number={1},
  pages={140--153},
  year={2018},
  publisher={IEEE}
}

@inproceedings{song2019end,
  title={End-to-end learning for graph decomposition},
  author={Song, Jie and Andres, Bjoern and Black, Michael J and Hilliges, Otmar and Tang, Siyu},
  booktitle={Proceedings of the IEEE/CVF International Conference on Computer Vision},
  pages={10093--10102},
  year={2019}
}

@inproceedings{nowozin2009solution,
  title={Solution stability in linear programming relaxations: Graph partitioning and unsupervised learning},
  author={Nowozin, Sebastian and Jegelka, Stefanie},
  booktitle={Proceedings of the 26th Annual International Conference on Machine Learning},
  pages={769--776},
  year={2009}
}

@inproceedings{lange2019combinatorial,
  title={Combinatorial persistency criteria for multicut and max-cut},
  author={Lange, Jan-Hendrik and Andres, Bjoern and Swoboda, Paul},
  booktitle={Proceedings of the IEEE/CVF Conference on Computer Vision and Pattern Recognition},
  pages={6093--6102},
  year={2019}
}

@inproceedings{levinkov2017comparative,
  author    = {Evgeny Levinkov and Alexander Kirillov and Bjoern Andres},
  title     = {A Comparative Study of Local Search Algorithms for Correlation Clustering},
  booktitle = {GCPR},
  year      = {2017},
}

@inproceedings{kardoost2018solving,
  title={Solving minimum cost lifted multicut problems by node agglomeration},
  author={Kardoost, Amirhossein and Keuper, Margret},
  booktitle={Asian Conference on Computer Vision},
  pages={74--89},
  year={2018},
  organization={Springer}
}

@article{alush2012ensemble,
  title={Ensemble segmentation using efficient integer linear programming},
  author={Alush, Amir and Goldberger, Jacob},
  journal={IEEE transactions on pattern analysis and machine intelligence},
  volume={34},
  number={10},
  pages={1966--1977},
  year={2012},
  publisher={IEEE}
}

@inproceedings{ecl_cc2018,
  title={A high-performance connected components implementation for GPUs},
  author={Jaiganesh, Jayadharini and Burtscher, Martin},
  booktitle={Proceedings of the 27th International Symposium on High-Performance Parallel and Distributed Computing},
  pages={92--104},
  year={2018}
}

@article{zheng2018complete,
  title={A complete electron microscopy volume of the brain of adult Drosophila melanogaster},
  author={Zheng, Zhihao and Lauritzen, J Scott and Perlman, Eric and Robinson, Camenzind G and Nichols, Matthew and Milkie, Daniel and Torrens, Omar and Price, John and Fisher, Corey B and Sharifi, Nadiya and others},
  journal={Cell},
  volume={174},
  number={3},
  pages={730--743},
  year={2018},
  publisher={Elsevier}
}

@misc{cremi,
  title = {CREMI MICCAI Challenge on circuit reconstruction from Electron Microscopy Images},
  howpublished = {\url{https://cremi.org}}
}

@inproceedings{cordts2016cityscapes,
  title={The cityscapes dataset for semantic urban scene understanding},
  author={Cordts, Marius and Omran, Mohamed and Ramos, Sebastian and Rehfeld, Timo and Enzweiler, Markus and Benenson, Rodrigo and Franke, Uwe and Roth, Stefan and Schiele, Bernt},
  booktitle={Proceedings of the IEEE conference on computer vision and pattern recognition},
  pages={3213--3223},
  year={2016}
}

@inproceedings{lin2014microsoft,
  title={Microsoft coco: Common objects in context},
  author={Lin, Tsung-Yi and Maire, Michael and Belongie, Serge and Hays, James and Perona, Pietro and Ramanan, Deva and Doll{\'a}r, Piotr and Zitnick, C Lawrence},
  booktitle={European conference on computer vision},
  pages={740--755},
  year={2014},
  organization={Springer}
}

@article{werner2007linear,
  title={A linear programming approach to max-sum problem: A review},
  author={Werner, Tomas},
  journal={IEEE transactions on pattern analysis and machine intelligence},
  volume={29},
  number={7},
  pages={1165--1179},
  year={2007},
  publisher={IEEE}
}

@inproceedings{kolmogorov2005convergent,
  title={Convergent tree-reweighted message passing for energy minimization},
  author={Kolmogorov, Vladimir},
  booktitle={International Workshop on Artificial Intelligence and Statistics},
  pages={182--189},
  year={2005},
  organization={PMLR}
}

@article{kolmogorov2014new,
  title={A new look at reweighted message passing},
  author={Kolmogorov, Vladimir},
  journal={IEEE transactions on pattern analysis and machine intelligence},
  volume={37},
  number={5},
  pages={919--930},
  year={2014},
  publisher={IEEE}
}

@article{wolf2020mutex,
  title={The mutex watershed and its objective: Efficient, parameter-free graph partitioning},
  author={Wolf, Steffen and Bailoni, Alberto and Pape, Constantin and Rahaman, Nasim and Kreshuk, Anna and K{\"o}the, Ullrich and Hamprecht, Fred A},
  journal={IEEE transactions on pattern analysis and machine intelligence},
  year={2020},
  publisher={IEEE}
}

@inproceedings{bailoni2022generalized,
  title={GASP, a generalized framework for agglomerative clustering of signed graphs and its application to Instance Segmentation},
  author={Bailoni, Alberto and Pape, Constantin and H{\"u}tsch, Nathan and Wolf, Steffen and Beier, Thorsten and Kreshuk, Anna and Hamprecht, Fred A},
  booktitle={Proceedings of the IEEE/CVF Conference on Computer Vision and Pattern Recognition},
  pages={11645--11655},
  year={2022}
}

@article{auer2012graph,
  title={Graph coarsening and clustering on the GPU.},
  author={Auer, Bas Fagginger and Bisseling, Rob H},
  journal={Graph Partitioning and Graph Clustering},
  volume={588},
  pages={223},
  year={2012}
}

@inproceedings{jin2016,
title={A high performance implementation of spectral clustering on cpu-gpu platforms},
author={Jin, Yu and JaJa, Joseph F},
booktitle={Parallel and Distributed Processing Symposium Workshops, 2016 IEEE International},
pages={825--834},
year={2016},
organization={IEEE}
}

@article{naumov2016parallel,
  title={Parallel spectral graph partitioning},
  author={Naumov, Maxim and Moon, Timothy},
  journal={tech. rep., NVIDIA tech. rep},
  year={2016}
}

@Inproceedings{cohen2012graph,
  author      = {Cohen, Jonathan and Castonguay, Patrice},
  title       = {Efficient Graph Matching and Coloring on the GPU},
  booktitle={GTC},
  organization = {NVIDIA},
  year        = {2012}
}

@book{wen2011gpu_gems,
  title={GPU Computing Gems Jade Edition},
  author={Wen-mei, W Hwu},
  year={2011},
  publisher={Elsevier}
}

@misc{cuda,
  author={NVIDIA and Vingelmann, Péter and Fitzek, Frank H.P.},
  title={CUDA, release: 11.2},
  year={2021},
  url={https://developer.nvidia.com/cuda-toolkit},
}

@MISC{Thrust, 
author = "Jared Hoberock and Nathan Bell", title = "Thrust: A Parallel Template Library", year = "2010", 
url = "http://thrust.github.io/", note = "Version 1.7.0"
}

@misc{torch_EM,
  author = {Constantin Pape},
  title = {torch-em},
  year = {2021},
  publisher = {GitHub},
  journal = {GitHub repository},
  howpublished = {\url{https://github.com/constantinpape/torch-em}},
  commit = {3c0af20e42a25a7a02a4a04306f0c9c3f0d8bf1a}
}

@article{torresani2012dual,
  title={A dual decomposition approach to feature correspondence},
  author={Torresani, Lorenzo and Kolmogorov, Vladimir and Rother, Carsten},
  journal={IEEE transactions on pattern analysis and machine intelligence},
  volume={35},
  number={2},
  pages={259--271},
  year={2012},
  publisher={IEEE}
}

@inproceedings{swoboda2017study,
  title={A study of lagrangean decompositions and dual ascent solvers for graph matching},
  author={Swoboda, Paul and Rother, Carsten and Abu Alhaija, Hassan and Kainmuller, Dagmar and Savchynskyy, Bogdan},
  booktitle={Proceedings of the IEEE conference on computer vision and pattern recognition},
  pages={1607--1616},
  year={2017}
}

@inproceedings{zhang2016pairwise,
  title={Pairwise matching through max-weight bipartite belief propagation},
  author={Zhang, Zhen and Shi, Qinfeng and McAuley, Julian and Wei, Wei and Zhang, Yanning and Van Den Hengel, Anton},
  booktitle={Proceedings of the IEEE conference on computer vision and pattern recognition},
  pages={1202--1210},
  year={2016}
}

@inproceedings{hutschenreiter2021fusion,
  title={Fusion moves for graph matching},
  author={Hutschenreiter, Lisa and Haller, Stefan and Feineis, Lorenz and Rother, Carsten and Kainm{\"u}ller, Dagmar and Savchynskyy, Bogdan},
  booktitle={Proceedings of the IEEE/CVF International Conference on Computer Vision},
  pages={6270--6279},
  year={2021}
}
  
@inproceedings{alhaija2015graphflow,
  title={Graphflow--6D large displacement scene flow via graph matching},
  author={Alhaija, Hassan Abu and Sellent, Anita and Kondermann, Daniel and Rother, Carsten},
  booktitle={German Conference on Pattern Recognition},
  pages={285--296},
  year={2015},
  organization={Springer}
}

@article{everingham2010pascal,
  title={The pascal visual object classes (voc) challenge},
  author={Everingham, Mark and Van Gool, Luc and Williams, Christopher KI and Winn, John and Zisserman, Andrew},
  journal={International journal of computer vision},
  volume={88},
  number={2},
  pages={303--338},
  year={2010},
  publisher={Springer}
}

@inproceedings{kainmueller2014active,
  title={Active graph matching for automatic joint segmentation and annotation of C. elegans},
  author={Kainmueller, Dagmar and Jug, Florian and Rother, Carsten and Myers, Gene},
  booktitle={International Conference on Medical Image Computing and Computer-Assisted Intervention},
  pages={81--88},
  year={2014},
  organization={Springer}
}

@article{leordeanu2012unsupervised,
  title={Unsupervised learning for graph matching},
  author={Leordeanu, Marius and Sukthankar, Rahul and Hebert, Martial},
  journal={International journal of computer vision},
  volume={96},
  number={1},
  pages={28--45},
  year={2012},
  publisher={Springer}
}

@inproceedings{lange2021efficient,
  title={Efficient Message Passing for 0--1 ILPs with Binary Decision Diagrams},
  author={Lange, Jan-Hendrik and Swoboda, Paul},
  booktitle={International Conference on Machine Learning},
  pages={6000--6010},
  year={2021},
  organization={PMLR}
}

@inproceedings{sontag2012efficiently,
  title={Efficiently searching for frustrated cycles in MAP inference},
  author={Sontag, David and Li, Yitao and others},
  booktitle={28th Conference on Uncertainty in Artificial Intelligence, UAI 2012},
  pages={795--804},
  year={2012}
}

@article{globerson2007fixing,
  title={Fixing max-product: Convergent message passing algorithms for MAP LP-relaxations},
  author={Globerson, Amir and Jaakkola, Tommi},
  journal={Advances in neural information processing systems},
  volume={20},
  pages={553--560},
  year={2007}
}

@article{boykov2004experimental,
  title={An experimental comparison of min-cut/max-flow algorithms for energy minimization in vision},
  author={Boykov, Yuri and Kolmogorov, Vladimir},
  journal={IEEE transactions on pattern analysis and machine intelligence},
  volume={26},
  number={9},
  pages={1124--1137},
  year={2004},
  publisher={IEEE}
}

@article{boykov2001fast,
  title={Fast approximate energy minimization via graph cuts},
  author={Boykov, Yuri and Veksler, Olga and Zabih, Ramin},
  journal={IEEE Transactions on pattern analysis and machine intelligence},
  volume={23},
  number={11},
  pages={1222--1239},
  year={2001},
  publisher={IEEE}
}

@article{kolmogorov2007minimizing,
  title={Minimizing nonsubmodular functions with graph cuts-a review},
  author={Kolmogorov, Vladimir and Rother, Carsten},
  journal={IEEE transactions on pattern analysis and machine intelligence},
  volume={29},
  number={7},
  pages={1274--1279},
  year={2007},
  publisher={IEEE}
}

@inproceedings{haller2020primal,
  title={A Primal-Dual Solver for Large-Scale Tracking-by-Assignment},
  author={Haller, Stefan and Prakash, Mangal and Hutschenreiter, Lisa and Pietzsch, Tobias and Rother, Carsten and Jug, Florian and Swoboda, Paul and Savchynskyy, Bogdan},
  booktitle={International Conference on Artificial Intelligence and Statistics},
  pages={2539--2549},
  year={2020},
  organization={PMLR}
}

@inproceedings{haubold2016generalized,
  title={A generalized successive shortest paths solver for tracking dividing targets},
  author={Haubold, Carsten and Ale{\v{s}}, Janez and Wolf, Steffen and Hamprecht, Fred A},
  booktitle={European Conference on Computer Vision},
  pages={566--582},
  year={2016},
  organization={Springer}
}

@article{ulman2017objective,
  title={An objective comparison of cell-tracking algorithms},
  author={Ulman, Vladim{\'\i}r and Ma{\v{s}}ka, Martin and Magnusson, Klas EG and Ronneberger, Olaf and Haubold, Carsten and Harder, Nathalie and Matula, Pavel and Matula, Petr and Svoboda, David and Radojevic, Miroslav and others},
  journal={Nature methods},
  volume={14},
  number={12},
  pages={1141--1152},
  year={2017},
  publisher={Nature Publishing Group}
}

@inproceedings{funke2012efficient,
  title={Efficient automatic 3D-reconstruction of branching neurons from EM data},
  author={Funke, Jan and Andres, Bjoern and Hamprecht, Fred A and Cardona, Albert and Cook, Matthew},
  booktitle={2012 IEEE Conference on Computer Vision and Pattern Recognition},
  pages={1004--1011},
  year={2012},
  organization={IEEE}
}

@article{kappes2015comparative,
  title={A comparative study of modern inference techniques for structured discrete energy minimization problems},
  author={Kappes, J{\"o}rg H and Andres, Bjoern and Hamprecht, Fred A and Schn{\"o}rr, Christoph and Nowozin, Sebastian and Batra, Dhruv and Kim, Sungwoong and Kausler, Bernhard X and Kr{\"o}ger, Thorben and Lellmann, Jan and others},
  journal={International Journal of Computer Vision},
  volume={115},
  number={2},
  pages={155--184},
  year={2015},
  publisher={Springer}
}

@misc{elidan2011probabilistic,
  title={The probabilistic inference challenge (PIC2011)},
  author={Elidan, G and Globerson, A},
  year={2011}
}

@article{jaimovich2006towards,
  title={Towards an integrated protein--protein interaction network: A relational Markov network approach},
  author={Jaimovich, Ariel and Elidan, Gal and Margalit, Hanah and Friedman, Nir},
  journal={Journal of Computational Biology},
  volume={13},
  number={2},
  pages={145--164},
  year={2006},
  publisher={Mary Ann Liebert, Inc. 2 Madison Avenue Larchmont, NY 10538 USA}
}

@article{alahari2009dynamic,
  title={Dynamic hybrid algorithms for MAP inference in discrete MRFs},
  author={Alahari, Karteek and Kohli, Pushmeet and Torr, Philip HS},
  journal={IEEE Transactions on Pattern Analysis and Machine Intelligence},
  volume={32},
  number={10},
  pages={1846--1857},
  year={2009},
  publisher={IEEE}
}

@article{lellmann2011continuous,
  title={Continuous multiclass labeling approaches and algorithms},
  author={Lellmann, Jan and Schn{\"o}rr, Christoph},
  journal={SIAM Journal on Imaging Sciences},
  volume={4},
  number={4},
  pages={1049--1096},
  year={2011},
  publisher={SIAM}
}

@inproceedings{windheuser2011geometrically,
  title={Geometrically consistent elastic matching of 3d shapes: A linear programming solution},
  author={Windheuser, Thomas and Schlickewei, Ulrich and Schmidt, Frank R and Cremers, Daniel},
  booktitle={2011 International Conference on Computer Vision},
  pages={2134--2141},
  year={2011},
  organization={IEEE}
}

@inproceedings{windheuser2011large,
  title={Large-scale integer linear programming for orientation preserving 3d shape matching},
  author={Windheuser, Thomas and Schlickwei, Ulrich and Schimdt, Frank R and Cremers, Daniel},
  booktitle={Computer Graphics Forum},
  volume={30},
  number={5},
  pages={1471--1480},
  year={2011},
  organization={Wiley Online Library}
}

@techreport{eckstein1990alternating,
  title={An alternating direction method for linear programming},
  author={Eckstein, Jonathan and Bertsekas, Dimitri P and others},
  year={1990},
  publisher={Laboratory for Information and Decision Systems, Massachusetts Institute of~…}
}

@misc{cplex,
  title= {{CPLEX} Optimization Studio 12.10},
  author= "{Cplex, IBM ILOG}",
  journal={International Business Machines Corporation},
  year={2019}
}

@inproceedings{kuske2017novel,
  title={A novel convex relaxation for non-binary discrete tomography},
  author={Kuske, Jan and Swoboda, Paul and Petra, Stefania},
  booktitle={International Conference on Scale Space and Variational Methods in Computer Vision},
  pages={235--246},
  year={2017},
  organization={Springer}
}

@inproceedings{swoboda2019map,
  title={MAP inference via block-coordinate Frank-Wolfe algorithm},
  author={Swoboda, Paul and Kolmogorov, Vladimir},
  booktitle={Proceedings of the IEEE/CVF Conference on Computer Vision and Pattern Recognition},
  pages={11146--11155},
  year={2019}
}

@inproceedings{kappes2015tomogc,
  title={TomoGC: Binary tomography by constrained graphcuts},
  author={Kappes, J{\"o}rg Hendrik and Petra, Stefania and Schn{\"o}rr, Christoph and Zisler, Matthias},
  booktitle={German Conference on Pattern Recognition},
  pages={262--273},
  year={2015},
  organization={Springer}
}

@article{zisler2016non,
  title={Non-binary discrete tomography by continuous non-convex optimization},
  author={Zisler, Matthias and Kappes, J{\"o}rg Hendrik and Schn{\"o}rr, Claudius and Petra, Stefania and Schn{\"o}rr, Christoph},
  journal={IEEE Transactions on Computational Imaging},
  volume={2},
  number={3},
  pages={335--347},
  year={2016},
  publisher={IEEE}
}

@inproceedings{zisler2016discrete,
  title={Discrete tomography by continuous multilabeling subject to projection constraints},
  author={Zisler, Matthias and Petra, Stefania and Schn{\"o}rr, Claudius and Schn{\"o}rr, Christoph},
  booktitle={German Conference on Pattern Recognition},
  pages={261--272},
  year={2016},
  organization={Springer}
}

@inproceedings{haller2018exact,
  title={Exact map-inference by confining combinatorial search with LP relaxation},
  author={Haller, Stefan and Swoboda, Paul and Savchynskyy, Bogdan},
  booktitle={Thirty-Second AAAI Conference on Artificial Intelligence},
  year={2018}
}

@inproceedings{savchynskyy2011study,
  title={A study of Nesterov's scheme for Lagrangian decomposition and MAP labeling},
  author={Savchynskyy, Bogdan and Kappes, J{\"o}rg and Schmidt, Stefan and Schn{\"o}rr, Christoph},
  booktitle={CVPR 2011},
  pages={1817--1823},
  year={2011},
  organization={IEEE}
}

@article{savchynskyy2013global,
  title={Global MAP-optimality by shrinking the combinatorial search area with convex relaxation},
  author={Savchynskyy, Bogdan and Kappes, J{\"o}rg Hendrik and Swoboda, Paul and Schn{\"o}rr, Christoph},
  journal={Advances in Neural Information Processing Systems},
  volume={26},
  pages={1950--1958},
  year={2013}
}

@inproceedings{kappes2012bundle,
  title={A bundle approach to efficient MAP-inference by Lagrangian relaxation},
  author={Kappes, J{\"o}rg Hendrik and Savchynskyy, Bogdan and Schn{\"o}rr, Christoph},
  booktitle={2012 IEEE Conference on Computer Vision and Pattern Recognition},
  pages={1688--1695},
  year={2012},
  organization={IEEE}
}

@inproceedings{shekhovtsov2015maximum,
  title={Maximum persistency via iterative relaxed inference with graphical models},
  author={Shekhovtsov, Alexander and Swoboda, Paul and Savchynskyy, Bogdan},
  booktitle={Proceedings of the IEEE Conference on Computer Vision and Pattern Recognition},
  pages={521--529},
  year={2015}
}

@inproceedings{swoboda2013partial,
  title={Partial optimality via iterative pruning for the Potts model},
  author={Swoboda, Paul and Savchynskyy, Bogdan and Kappes, J{\"o}rg and Schn{\"o}rr, Christoph},
  booktitle={International Conference on Scale Space and Variational Methods in Computer Vision},
  pages={477--488},
  year={2013},
  organization={Springer}
}

@inproceedings{swoboda2014partial,
  title={Partial optimality by pruning for MAP-inference with general graphical models},
  author={Swoboda, Paul and Savchynskyy, Bogdan and Kappes, Jorg H and Schnorr, Christoph},
  booktitle={Proceedings of the IEEE Conference on Computer Vision and Pattern Recognition},
  pages={1170--1177},
  year={2014}
}

@inproceedings{schmidt2011evaluation,
  title={Evaluation of a first-order primal-dual algorithm for MRF energy minimization},
  author={Schmidt, Stefan and Savchynskyy, Bogdan and Kappes, J{\"o}rg Hendrik and Schn{\"o}rr, Christoph},
  booktitle={International Workshop on Energy Minimization Methods in Computer Vision and Pattern Recognition},
  pages={89--103},
  year={2011},
  organization={Springer}
}

@article{shekhovtsov2016higher,
  title={Higher order maximum persistency and comparison theorems},
  author={Shekhovtsov, Alexander},
  journal={Computer vision and image understanding},
  volume={143},
  pages={54--79},
  year={2016},
  publisher={Elsevier}
}

@inproceedings{shekhovtsov2014maximum,
  title={Maximum persistency in energy minimization},
  author={Shekhovtsov, Alexander},
  booktitle={Proceedings of the IEEE Conference on Computer Vision and Pattern Recognition},
  pages={1162--1169},
  year={2014}
}

@inproceedings{kohli2008partial,
  title={On partial optimality in multi-label MRFs},
  author={Kohli, Pushmeet and Shekhovtsov, Alexander and Rother, Carsten and Kolmogorov, Vladimir and Torr, Philip},
  booktitle={Proceedings of the 25th international conference on Machine learning},
  pages={480--487},
  year={2008}
}

@inproceedings{yarkony2011planar,
  title={Planar cycle covering graphs},
  author={Yarkony, Julian and Ihler, Alexander T and Fowlkes, Charless C},
  booktitle={Proceedings of the Twenty-Seventh Conference on Uncertainty in Artificial Intelligence},
  pages={761--769},
  year={2011}
}

@inproceedings{schraudolph2010polynomial,
  title={Polynomial-time exact inference in NP-hard binary MRFs via reweighted perfect matching},
  author={Schraudolph, Nic},
  booktitle={Proceedings of the Thirteenth International Conference on Artificial Intelligence and Statistics},
  pages={717--724},
  year={2010},
  organization={JMLR Workshop and Conference Proceedings}
}

@inproceedings{wang2013subproblem,
  title={Subproblem-tree calibration: A unified approach to max-product message passing},
  author={Wang, Huayan and Daphne, Koller},
  booktitle={International Conference on Machine Learning},
  pages={190--198},
  year={2013},
  organization={PMLR}
}

@inproceedings{yarkony2010covering,
  title={Covering trees and lower-bounds on quadratic assignment},
  author={Yarkony, Julian and Fowlkes, Charless and Ihler, Alexander},
  booktitle={2010 IEEE Computer Society Conference on Computer Vision and Pattern Recognition},
  pages={887--894},
  year={2010},
  organization={IEEE}
}

@inproceedings{sontag2009tree,
  title={Tree block coordinate descent for MAP in graphical models},
  author={Sontag, David and Jaakkola, Tommi},
  booktitle={Artificial Intelligence and Statistics},
  pages={544--551},
  year={2009},
  organization={PMLR}
}

@inproceedings{komodakis2007mrf,
  title={MRF optimization via dual decomposition: Message-passing revisited},
  author={Komodakis, Nikos and Paragios, Nikos and Tziritas, Georgios},
  booktitle={2007 IEEE 11th International Conference on Computer Vision},
  pages={1--8},
  year={2007},
  organization={IEEE}
}

@inproceedings{gorelick2014submodularization,
  title={Submodularization for binary pairwise energies},
  author={Gorelick, Lena and Boykov, Yuri and Veksler, Olga and Ben Ayed, Ismail and Delong, Andrew},
  booktitle={Proceedings of the IEEE Conference on Computer Vision and Pattern Recognition},
  pages={1154--1161},
  year={2014}
}

@article{desmet1992dead,
  title={The dead-end elimination theorem and its use in protein side-chain positioning},
  author={Desmet, Johan and De Maeyer, Marc and Hazes, Bart and Lasters, Ignace},
  journal={Nature},
  volume={356},
  number={6369},
  pages={539--542},
  year={1992},
  publisher={Nature Publishing Group}
}

@inproceedings{kovtun2003partial,
  title={Partial optimal labeling search for a NP-hard subclass of (max,+) problems},
  author={Kovtun, Ivan},
  booktitle={Joint Pattern Recognition Symposium},
  pages={402--409},
  year={2003},
  organization={Springer}
}

@article{besag1986statistical,
  title={On the statistical analysis of dirty pictures},
  author={Besag, Julian},
  journal={Journal of the Royal Statistical Society: Series B (Methodological)},
  volume={48},
  number={3},
  pages={259--279},
  year={1986},
  publisher={Wiley Online Library}
}

@inproceedings{andres2012lazy,
  title={The lazy flipper: Efficient depth-limited exhaustive search in discrete graphical models},
  author={Andres, Bjoern and Kappes, J{\"o}rg H and Beier, Thorsten and K{\"o}the, Ullrich and Hamprecht, Fred A},
  booktitle={European Conference on Computer Vision},
  pages={154--166},
  year={2012},
  organization={Springer}
}

@inproceedings{tourani2020taxonomy,
  title={Taxonomy of dual block-coordinate ascent methods for discrete energy minimization},
  author={Tourani, Siddharth and Shekhovtsov, Alexander and Rother, Carsten and Savchynskyy, Bogdan},
  booktitle={International Conference on Artificial Intelligence and Statistics},
  pages={2775--2785},
  year={2020},
  organization={PMLR}
}

@inproceedings{savchynskyy2012efficient,
  title={Efficient MRF energy minimization via adaptive diminishing smoothing},
  author={Savchynskyy, Bogdan and Schmidt, Stefan and Kappes, J{\"o}rg and Schn{\"o}rr, Christoph},
  booktitle={Proceedings of the Twenty-Eighth Conference on Uncertainty in Artificial Intelligence},
  pages={746--755},
  year={2012}
}

@inproceedings{abbas2022fastdog,
  title={FastDOG: Fast discrete optimization on GPU},
  author={Abbas, Ahmed and Swoboda, Paul},
  booktitle={Proceedings of the IEEE/CVF Conference on Computer Vision and Pattern Recognition},
  pages={439--449},
  year={2022}
}

@article{szeliski2008comparative,
  title={A comparative study of energy minimization methods for markov random fields with smoothness-based priors},
  author={Szeliski, Richard and Zabih, Ramin and Scharstein, Daniel and Veksler, Olga and Kolmogorov, Vladimir and Agarwala, Aseem and Tappen, Marshall and Rother, Carsten},
  journal={IEEE transactions on pattern analysis and machine intelligence},
  volume={30},
  number={6},
  pages={1068--1080},
  year={2008},
  publisher={IEEE}
}

@inproceedings{hornakova2021making,
  title={Making Higher Order MOT Scalable: An Efficient Approximate Solver for Lifted Disjoint Paths},
  author={Hornakova, Andrea and Kaiser, Timo and Swoboda, Paul and Rolinek, Michal and Rosenhahn, Bodo and Henschel, Roberto},
  booktitle={Proceedings of the IEEE/CVF International Conference on Computer Vision},
  pages={6330--6340},
  year={2021}
}

@inproceedings{shekhovtsov2016solving,
 author = {Shekhovtsov, Alexander and Reinbacher, Christian and Graber, Gottfried and Pock, Thomas},
 title = {Solving Dense Image Matching in Real-Time using Discrete-Continuous Optimization},
 booktitle = {Proceedings of the 21st Computer Vision Winter Workshop (CVWW)},
 year = {2016},
 isbn = {978-3-85125-388-7},
 pages = {13},
}

@inproceedings{swoboda2019convex,
  title={A convex relaxation for multi-graph matching},
  author={Swoboda, Paul and Mokarian, Ashkan and Theobalt, Christian and Bernard, Florian and others},
  booktitle={Proceedings of the IEEE/CVF Conference on Computer Vision and Pattern Recognition},
  pages={11156--11165},
  year={2019}
}

@article{yan2015multi,
  title={Multi-graph matching via affinity optimization with graduated consistency regularization},
  author={Yan, Junchi and Cho, Minsu and Zha, Hongyuan and Yang, Xiaokang and Chu, Stephen M},
  journal={IEEE transactions on pattern analysis and machine intelligence},
  volume={38},
  number={6},
  pages={1228--1242},
  year={2015},
  publisher={IEEE}
}

@inproceedings{bernard2018ds,
  title={Ds*: Tighter lifting-free convex relaxations for quadratic matching problems},
  author={Bernard, Florian and Theobalt, Christian and Moeller, Michael},
  booktitle={Proceedings of the IEEE conference on computer vision and pattern recognition},
  pages={4310--4319},
  year={2018}
}

@inproceedings{bernard2019hippi,
  title={Hippi: Higher-order projected power iterations for scalable multi-matching},
  author={Bernard, Florian and Thunberg, Johan and Swoboda, Paul and Theobalt, Christian},
  booktitle={Proceedings of the IEEE/CVF International Conference on Computer Vision},
  pages={10284--10293},
  year={2019}
}

@inproceedings{shi2016tensor,
  title={Tensor power iteration for multi-graph matching},
  author={Shi, Xinchu and Ling, Haibin and Hu, Weiming and Xing, Junliang and Zhang, Yanning},
  booktitle={Proceedings of the IEEE conference on computer vision and pattern recognition},
  pages={5062--5070},
  year={2016}
}

@inproceedings{tron2017fast,
  title={Fast multi-image matching via density-based clustering},
  author={Tron, Roberto and Zhou, Xiaowei and Esteves, Carlos and Daniilidis, Kostas},
  booktitle={Proceedings of the IEEE international conference on computer vision},
  pages={4057--4066},
  year={2017}
}

@article{yan2015consistency,
  title={Consistency-driven alternating optimization for multigraph matching: A unified approach},
  author={Yan, Junchi and Wang, Jun and Zha, Hongyuan and Yang, Xiaokang and Chu, Stephen},
  journal={IEEE Transactions on Image Processing},
  volume={24},
  number={3},
  pages={994--1009},
  year={2015},
  publisher={IEEE}
}

@inproceedings{wang2018multi,
  title={Multi-image semantic matching by mining consistent features},
  author={Wang, Qianqian and Zhou, Xiaowei and Daniilidis, Kostas},
  booktitle={Proceedings of the IEEE conference on computer vision and pattern recognition},
  pages={685--694},
  year={2018}
}

@article{park2019consistent,
  title={Consistent multiple graph matching with multi-layer random walks synchronization},
  author={Park, Han-Mu and Yoon, Kuk-Jin},
  journal={Pattern Recognition Letters},
  volume={127},
  pages={76--84},
  year={2019},
  publisher={Elsevier}
}

@article{zhou2015factorized,
  title={Factorized graph matching},
  author={Zhou, Feng and De la Torre, Fernando},
  journal={IEEE transactions on pattern analysis and machine intelligence},
  volume={38},
  number={9},
  pages={1774--1789},
  year={2015},
  publisher={IEEE}
}

@inproceedings{yan2015matrix,
  title={A matrix decomposition perspective to multiple graph matching},
  author={Yan, Junchi and Xu, Hongteng and Zha, Hongyuan and Yang, Xiaokang and Liu, Huanxi and Chu, Stephen},
  booktitle={Proceedings of the IEEE international conference on computer vision},
  pages={199--207},
  year={2015}
}

@inproceedings{yan2013joint,
  title={Joint optimization for consistent multiple graph matching},
  author={Yan, Junchi and Tian, Yu and Zha, Hongyuan and Yang, Xiaokang and Zhang, Ya and Chu, Stephen M},
  booktitle={Proceedings of the IEEE international conference on computer vision},
  pages={1649--1656},
  year={2013}
}

@inproceedings{yan2014graduated,
  title={Graduated consistency-regularized optimization for multi-graph matching},
  author={Yan, Junchi and Li, Yin and Liu, Wei and Zha, Hongyuan and Yang, Xiaokang and Chu, Stephen Mingyu},
  booktitle={European Conference on Computer Vision},
  pages={407--422},
  year={2014},
  organization={Springer}
}

@inproceedings{kezurer2015tight,
  title={Tight relaxation of quadratic matching},
  author={Kezurer, Itay and Kovalsky, Shahar Z and Basri, Ronen and Lipman, Yaron},
  booktitle={Computer Graphics Forum},
  volume={34},
  number={5},
  pages={115--128},
  year={2015},
  organization={Wiley Online Library}
}

@inproceedings{schellewald2005probabilistic,
  title={Probabilistic subgraph matching based on convex relaxation},
  author={Schellewald, Christian and Schn{\"o}rr, Christoph},
  booktitle={International Workshop on Energy Minimization Methods in Computer Vision and Pattern Recognition},
  pages={171--186},
  year={2005},
  organization={Springer}
}

@article{bernard2019synchronisation,
  title={Synchronisation of partial multi-matchings via non-negative factorisations},
  author={Bernard, Florian and Thunberg, Johan and Goncalves, Jorge and Theobalt, Christian},
  journal={Pattern Recognition},
  volume={92},
  pages={146--155},
  year={2019},
  publisher={Elsevier}
}

@inproceedings{chen2014near,
  title={Near-optimal joint object matching via convex relaxation},
  author={Chen, Yuxin and Guibas, Leonidas and Huang, Qixing},
  booktitle={31st International Conference on Machine Learning, ICML 2014},
  pages={1269--1277},
  year={2014},
  organization={International Machine Learning Society (IMLS)}
}

@inproceedings{pachauri2013solving,
  title={Solving the multi-way matching problem by permutation synchronization},
  author={Pachauri, Deepti and Kondor, Risi and Singh, Vikas},
  booktitle={Advances in neural information processing systems},
  pages={1860--1868},
  year={2013},
  organization={Citeseer}
}

@inproceedings{zhou2015multi,
  title={Multi-image matching via fast alternating minimization},
  author={Zhou, Xiaowei and Zhu, Menglong and Daniilidis, Kostas},
  booktitle={Proceedings of the IEEE International Conference on Computer Vision},
  pages={4032--4040},
  year={2015}
}

@inproceedings{abbas2019bottleneck,
  title={Bottleneck potentials in Markov random fields},
  author={Abbas, Ahmed and Swoboda, Paul},
  booktitle={Proceedings of the IEEE/CVF International Conference on Computer Vision},
  pages={3175--3184},
  year={2019}
}

@inproceedings{rother2007optimizing,
  title={Optimizing binary MRFs via extended roof duality},
  author={Rother, Carsten and Kolmogorov, Vladimir and Lempitsky, Victor and Szummer, Martin},
  booktitle={2007 IEEE conference on computer vision and pattern recognition},
  pages={1--8},
  year={2007},
  organization={IEEE}
}

@manual{mosek,
   author = "MOSEK ApS",
   title = "The MOSEK optimization toolbox for MATLAB manual. Version 9.0.",
   year = 2019,
   url = "http://docs.mosek.com/9.0/toolbox/index.html"
 }

@article{achterberg2009scip,
  title={SCIP: solving constraint integer programs},
  author={Achterberg, Tobias},
  journal={Mathematical Programming Computation},
  volume={1},
  number={1},
  pages={1--41},
  year={2009},
  publisher={Springer}
}

@article{gold1996graduated,
  title={A graduated assignment algorithm for graph matching},
  author={Gold, Steven and Rangarajan, Anand},
  journal={IEEE Transactions on pattern analysis and machine intelligence},
  volume={18},
  number={4},
  pages={377--388},
  year={1996},
  publisher={IEEE}
}

@inproceedings{adamczewski2015discrete,
  title={Discrete tabu search for graph matching},
  author={Adamczewski, Kamil and Suh, Yumin and Mu Lee, Kyoung},
  booktitle={Proceedings of the IEEE international conference on computer vision},
  pages={109--117},
  year={2015}
}

@inproceedings{leordeanu2009integer,
  title={An integer projected fixed point method for graph matching and map inference},
  author={Leordeanu, Marius and Hebert, Martial and Sukthankar, Rahul},
  booktitle={Advances in neural information processing systems},
  pages={1114--1122},
  year={2009},
  organization={Citeseer}
}

@inproceedings{cho2014finding,
  title={Finding matches in a haystack: A max-pooling strategy for graph matching in the presence of outliers},
  author={Cho, Minsu and Sun, Jian and Duchenne, Olivier and Ponce, Jean},
  booktitle={Proceedings of the IEEE Conference on Computer Vision and Pattern Recognition},
  pages={2083--2090},
  year={2014}
}

@article{leordeanu2005spectral,
  title={A spectral technique for correspondence problems using pairwise constraints},
  author={Leordeanu, Marius and Hebert, Martial},
  year={2005},
  publisher={Carnegie Mellon University}
}

@inproceedings{zhao2007using,
  title={Using eigen-decomposition method for weighted graph matching},
  author={Zhao, Guoxing and Luo, Bin and Tang, Jin and Ma, Jinxin},
  booktitle={International Conference on Intelligent Computing},
  pages={1283--1294},
  year={2007},
  organization={Springer}
}

@inproceedings{cho2010reweighted,
  title={Reweighted random walks for graph matching},
  author={Cho, Minsu and Lee, Jungmin and Lee, Kyoung Mu},
  booktitle={European conference on Computer vision},
  pages={492--505},
  year={2010},
  organization={Springer}
}

@inproceedings{lee2010graph,
  title={A graph matching algorithm using data-driven markov chain monte carlo sampling},
  author={Lee, Jungmin and Cho, Minsu and Lee, Kyoung Mu},
  booktitle={2010 20th International Conference on Pattern Recognition},
  pages={2816--2819},
  year={2010},
  organization={IEEE}
}

@inproceedings{suh2012graph,
  title={Graph matching via sequential monte carlo},
  author={Suh, Yumin and Cho, Minsu and Lee, Kyoung Mu},
  booktitle={European Conference on Computer Vision},
  pages={624--637},
  year={2012},
  organization={Springer}
}

@article{zaslavskiy2008path,
  title={A path following algorithm for the graph matching problem},
  author={Zaslavskiy, Mikhail and Bach, Francis and Vert, Jean-Philippe},
  journal={IEEE Transactions on Pattern Analysis and Machine Intelligence},
  volume={31},
  number={12},
  pages={2227--2242},
  year={2008},
  publisher={IEEE}
}

@book{bronstein2008,
	title = {Numerical Geometry of Non-Rigid Shapes},
	author = {Bronstein, Alexander and Bronstein, Michael and Kimmel, Ron},
	year = {2008},
	publisher = {{Springer Science \& Business Media}}
}

@inproceedings{michel2017global,
  title={Global hypothesis generation for 6D object pose estimation},
  author={Michel, Frank and Kirillov, Alexander and Brachmann, Eric and Krull, Alexander and Gumhold, Stefan and Savchynskyy, Bogdan and Rother, Carsten},
  booktitle={Proceedings of the IEEE Conference on Computer Vision and Pattern Recognition},
  pages={462--471},
  year={2017}
}

@inproceedings{lukasik2020benders,
  title={A Benders Decomposition Approach to Correlation Clustering},
  author={Lukasik, Jovita and Keuper, Margret and Singh, Maneesh and Yarkony, Julian},
  booktitle={2020 IEEE/ACM Workshop on Machine Learning in High Performance Computing Environments (MLHPC) and Workshop on Artificial Intelligence and Machine Learning for Scientific Applications (AI4S)},
  pages={9--16},
  year={2020},
  organization={IEEE}
}

@inproceedings{ho2021msm,
  title={MSM: Multi-stage Multicuts for Scalable Image Clustering},
  author={Ho, Kalun and Chatzimichailidis, Avraam and Keuper, Margret and Keuper, Janis},
  booktitle={International Conference on High Performance Computing},
  pages={267--284},
  year={2021},
  organization={Springer}
}

@article{MOTChallenge2015,
	title = {{MOTC}hallenge 2015: {T}owards a Benchmark for Multi-Target Tracking},
	shorttitle = {MOTChallenge 2015},
	url = {http://arxiv.org/abs/1504.01942},
	journal = {arXiv:1504.01942 [cs]},
	author = {Leal-Taix\'{e}, L. and Milan, A. and Reid, I. and Roth, S. and Schindler, K.},
	month = apr,
	year = {2015},
	note = {arXiv: 1504.01942},
	keywords = {Computer Science - Computer Vision and Pattern Recognition}
}

@article{MOT16,
	title = {{MOT}16: {A} Benchmark for Multi-Object Tracking},
	shorttitle = {MOT16},
	url = {http://arxiv.org/abs/1603.00831},
	journal = {arXiv:1603.00831 [cs]},
	author = {Milan, Anton and Leal-Taix\'{e}, Laura and Reid, Ian and Roth, Stephan and Schindler, Konrad},
	month = mar,
	year = {2016},
	note = {arXiv: 1603.00831},
	keywords = {Computer Science - Computer Vision and Pattern Recognition}
}

@article{MOTChallenge20,
	title={MOT20: A benchmark for multi object tracking in crowded scenes},
	shorttitle = {MOT20},
	url = {http://arxiv.org/abs/1906.04567},
	journal = {arXiv:2003.09003[cs]},
	author = {Dendorfer, Patrick and Rezatofighi, Hamid and Milan, Anton and Shi, Javen and Cremers, Daniel and Reid, Ian and Roth, Stephan and Schindler, Konrad and Leal-Taix\'{e}, Laura },
	month = mar,
	year = {2020},
	note = {arXiv: 2003.09003},
	keywords = {Computer Science - Computer Vision and Pattern Recognition}
}


@inproceedings{deng2009imagenet,
title={Imagenet: A large-scale hierarchical image database},
author={Deng, Jia and Dong, Wei and Socher, Richard and Li, Li-Jia and Li, Kai and Fei-Fei, Li},
booktitle={2009 IEEE conference on computer vision and pattern recognition},
pages={248--255},
year={2009},
organization={Ieee}
}

@inproceedings{aabbas23_clusterfug,
  author       = {Ahmed Abbas and Paul Swoboda},
  title        = {ClusterFuG: Clustering Fully connected Graphs by Multicut},
  booktitle    = {International Conference on Machine Learning, {ICML} 2023, 23-29 July
                  2023, Honolulu, Hawaii, {USA}},
  series       = {Proceedings of Machine Learning Research},
  volume       = {202},
  year         = {2023},
}

@article{savchynskyy2019discrete,
  title={Discrete graphical models—an optimization perspective},
  author={Savchynskyy, Bogdan and others},
  journal={Foundations and Trends{\textregistered} in Computer Graphics and Vision},
  volume={11},
  number={3-4},
  pages={160--429},
  year={2019},
  publisher={Now Publishers, Inc.}
}

@article{cao2023unsupervised,
  title={Unsupervised Learning of Robust Spectral Shape Matching},
  author={Cao, Dongliang and Roetzer, Paul and Bernard, Florian},
  journal={ACM Transactions on Graphics (TOG)},
  year={2023},
  publisher={ACM New York, NY}
}

@inproceedings{roetzer2022scalable,
  title={A scalable combinatorial solver for elastic geometrically consistent 3d shape matching},
  author={Roetzer, Paul and Swoboda, Paul and Cremers, Daniel and Bernard, Florian},
  booktitle={Proceedings of the IEEE/CVF Conference on Computer Vision and Pattern Recognition},
  pages={428--438},
  year={2022}
}

@article{ren2018continuous,
  title={Continuous and orientation-preserving correspondences via functional maps},
  author={Ren, Jing and Poulenard, Adrien and Wonka, Peter and Ovsjanikov, Maks},
  journal={ACM Transactions on Graphics (ToG)},
  volume={37},
  pages={1--16},
  year={2018},
  publisher={ACM New York, NY, USA}
}
    
@inproceedings{donati2020deep,
  title={Deep geometric functional maps: Robust feature learning for shape correspondence},
  author={Donati, Nicolas and Sharma, Abhishek and Ovsjanikov, Maks},
  booktitle={Proceedings of the IEEE/CVF Conference on Computer Vision and Pattern Recognition},
  pages={8592--8601},
  year={2020}
}

@inproceedings{zuffi20173d,
  title={3D menagerie: Modeling the 3D shape and pose of animals},
  author={Zuffi, Silvia and Kanazawa, Angjoo and Jacobs, David W and Black, Michael J},
  booktitle={CVPR},
  year={2017}
}

@article{dyke2020track,
 journal = {Computers \& Graphics},
 title = {{SHREC'20}: Shape correspondence with non-isometric deformations},
 author = {Roberto M. Dyke and Yu-Kun Lai and Paul L. Rosin and Stefano Zappal{\`a} and Seana Dykes and Daoliang Guo and Kun Li and Riccardo Marin and Simone Melzi and Jingyu Yang},
 volume = {92},
 pages = {28-43},
 year = {2020}
}

@inproceedings{magnet2022smooth,
  title={Smooth non-rigid shape matching via effective Dirichlet energy optimization},
  author={Magnet, Robin and Ren, Jing and Sorkine-Hornung, Olga and Ovsjanikov, Maks},
  booktitle={International Conference on 3D Vision (3DV)},
  year={2022}
}

@article{roetzer2023fast,
      title={Fast Discrete Optimisation for Geometrically Consistent 3D Shape Matching}, 
      author={Paul Roetzer and Ahmed Abbas and Dongliang Cao and Florian Bernard and Paul Swoboda},
      journal={arXiv preprint arXiv:2310.08230},
      year={2023},
}
